@misc{drugs,
	author={{u/The_Alaskan}},
	title={{What sort of recreational drugs were used by the troops during WW1 and WW2? Was there any major shift in drug use between the two wars?}},
	year={2015},
	url={https://www.reddit.com/r/AskHistorians/comments/2ov6wh/what_sort_of_recreational_drugs_were_used_by_the/}
}

@article{battlefield,
	author={{John Campbell}},
	title={{WWI: Medicine on the battlefield}},
	publisher={NCpedia},
	year={1993},
	url={http://www.ncpedia.org/wwi-medicine-battlefield}
}

@article{warinjuries,
	author={{Dr Saleyha Ahsan}},
	title={{How did WW1 change the way we treat war injuries today?}},
	publisher={BBC},
	year={-},
	url={http://www.bbc.co.uk/guides/zs3wpv4}
}

@article{medicinerevolution,
	author={{Ellen Hampton}},
	title={{How World War I Revolutionized Medicine}},
	publisher={The Atlantic},
	year={2017},
	url={https://www.theatlantic.com/health/archive/2017/02/world-war-i-medicine/517656/}
}

@misc{ambulances,
	author={{Rémy Cazals}},
	title={{Médecins des ambulances}},
	publisher={{Le Centenaire}},
	year={2015},
	url={http://centenaire.org/fr/espace-scientifique/medecins-des-ambulances}
}

@misc{brancardiers,
	author={{Les Voyageurs du Temps}},
	title={{LES BRANCARDIERS de PREMIERE LIGNE au FRONT}},
	publisher={{Les Voyageurs du Temps}},
	year={-},
	url={http://www.voyageurs-du-temps.fr/Brancardiers-infirmiers-et-brancard-pour-le-secours-des-poilus-soldats-blesses-au-combat-1914-1918_1080.html}
}

@misc{medicineintrenches,
	author={{Julie Anderson}},
	title={{Wounding in World War One}},
	publisher={{British Library}},
	year={2014},
	url = {{https://www.bl.uk/world-war-one/articles/wounding-in-world-war-one}} 
}

@article{trenches,
	author={{Dan Snow}},
	title={{How did so many soldiers survive the trenches?}},
	publisher={BBC},
	year={-},
	url={http://www.bbc.co.uk/guides/z3kgjxs#z2ftb9q}
}

@article{manquedeffectif,
	author={{Marie-Aude Bonniel}},
	title={{Les progrès de la chirurgie de guerre (1915)}},
	publisher={Le Figaro},
	year={2014},
	url={http://www.lefigaro.fr/histoire/centenaire-14-18/2014/10/24/26002-20141024ARTFIG00073-les-progres-de-la-chirurgie-de-guerre-1915.php}
}


@article{triage,
	author={{Unknown}},
	title={{Les progrès de la chirurgie de guerre (1915)}},
	publisher={BBC},
	year={2014},
	url={http://www.lefigaro.fr/histoire/centenaire-14-18/2014/10/24/26002-20141024ARTFIG00073-les-progres-de-la-chirurgie-de-guerre-1915.php}
}

http://tpe-med-gm.e-monsite.com/pages/les-traitements-medicamenteux-lors-de-la-premiere-guerre-mondiale.html

http://www.bbc.co.uk/schools/0/ww1/25403866

https://www.bl.uk/collection-items/photograph-of-soldiers-in-the-mud-at-the-battle-of-pilckem-ridge

https://www.bl.uk/world-war-one/articles/wounding-in-world-war-one