@misc{
	author = "u/The_Alaskan",
	title = "What sort of recreational drugs were used by the troops during WW1 and WW2? Was there any major shift in drug use between the two wars?",
	year = "2015",
	url = "https://www.reddit.com/r/AskHistorians/comments/2ov6wh/what_sort_of_recreational_drugs_were_used_by_the/"
}

@article{
	author = "John Campbell",
	title = "WWI: Medicine on the battlefield",
	publisher = "NCpedia",
	year = "1993",
	url = "http://www.ncpedia.org/wwi-medicine-battlefield"
}

@article{
	author = "Dr Saleyha Ahsan",
	title = "How did WW1 change the way we treat war injuries today?",
	publisher = "BBC",
	year = "-",
	url = "http://www.bbc.co.uk/guides/zs3wpv4"
}

@article{
	author = "Ellen Hampton",
	title = "How World War I Revolutionized Medicine",
	publisher = "The Atlantic",
	year = "2017",
	url = "https://www.theatlantic.com/health/archive/2017/02/world-war-i-medicine/517656/"
}